<record><leader>00000cas a2200000 a 4500</leader><controlfield tag="001">48127882</controlfield><controlfield tag="008">011011d185u1uuumiudr n       0    0eng c</controlfield><datafield ind1=" " ind2=" " tag="010"><subfield code="a">sn2001063761</subfield></datafield><datafield ind1=" " ind2=" " tag="040"><subfield code="a">MHN</subfield><subfield code="b">eng</subfield><subfield code="c">MHN</subfield><subfield code="d">OCLCQ</subfield><subfield code="d">OCLCF</subfield><subfield code="d">OCLCO</subfield></datafield><datafield ind1="1" ind2=" " tag="029"><subfield code="a">AU@</subfield><subfield code="b">000023130137</subfield></datafield><datafield ind1=" " ind2=" " tag="042"><subfield code="a">pcc</subfield></datafield><datafield ind1=" " ind2=" " tag="043"><subfield code="a">n-us-mi</subfield></datafield><datafield ind1="0" ind2="0" tag="245"><subfield code="a">Genesee Democrat and daily city news.</subfield></datafield><datafield ind1="1" ind2="3" tag="246"><subfield code="a">Democrat and city news</subfield></datafield><datafield ind1=" " ind2=" " tag="260"><subfield code="a">Flint, Mich. :</subfield><subfield code="b">Jenny &amp; Peabody</subfield></datafield><datafield ind1=" " ind2=" " tag="300"><subfield code="a">v.</subfield></datafield><datafield ind1=" " ind2=" " tag="310"><subfield code="a">Daily</subfield></datafield><datafield ind1=" " ind2=" " tag="588"><subfield code="a">Description based on: Vol. 1, no. 21 (Apr. 13, 1859).</subfield></datafield><datafield ind1=" " ind2="0" tag="651"><subfield code="a">Flint (Mich.)</subfield><subfield code="v">Newspapers.</subfield></datafield><datafield ind1=" " ind2="0" tag="651"><subfield code="a">Genesee County (Mich.)</subfield><subfield code="v">Newspapers.</subfield></datafield><datafield ind1=" " ind2="7" tag="655"><subfield code="a">Newspapers.</subfield><subfield code="2">fast</subfield><subfield code="0">(OCoLC)fst01423814</subfield></datafield><datafield ind1=" " ind2="7" tag="651"><subfield code="a">Michigan</subfield><subfield code="z">Flint.</subfield><subfield code="2">fast</subfield><subfield code="0">(OCoLC)fst01223011</subfield></datafield><datafield ind1=" " ind2="7" tag="651"><subfield code="a">Michigan</subfield><subfield code="z">Genesee County.</subfield><subfield code="2">fast</subfield><subfield code="0">(OCoLC)fst01214779</subfield></datafield><datafield ind1=" " ind2=" " tag="752"><subfield code="a">United States</subfield><subfield code="b">Michigan</subfield><subfield code="c">Genesee</subfield><subfield code="d">Flint.</subfield></datafield><datafield ind1="0" ind2=" " tag="775"><subfield code="t">Genesee weekly Democrat (Flint, Mich.)</subfield><subfield code="w">(DLC)sn 83016666</subfield><subfield code="w">(OCoLC)9974156</subfield></datafield></record>